@Book{beginingGroovy:2008,
    author= {Christopher M. Judd and Joseph Faisal Nusairat and James Shingler},
    title={Beginning Groovy and Grails From Novice to Professional},
    year={2008},
    publisher={Apress}
}

@Misc{groovy,
    title={\emph{Groovy Home}},
    howpublished="\url{http://groovy.codehaus.org/}",
    note = "Visitado em Junho de 2011"
}

@Misc{rfcard,
    author="\emph{{D}ierk {K}\"{o}nig}",
    volume="15",
    title="{Gro}ovy",
    journal="DZone RFCards",
    howpublished="\url{http://refcardz.dzone.com/refcardz/groovy}",
    note= "Visitado em Junho de 2011"
}

@Misc{grails:refcard,
    author="Dave Klein",
    volume="60",
    title="Getting Started with Grails",
    journal="DZone RFCards",
    howpublished="\url{http://refcardz.dzone.com/refcardz/getting-started-grails}",
    note="Visitado em Julho de 2011"
}
